
@article{article,
  author  = {Peter Adams}, 
  title   = {The title of the work},
  journal = {The name of the journal},
  year    = 1993,
  number  = 2,
  pages   = {201-213},
  month   = 7,
  note    = {An optional note}, 
  volume  = 4
}

@book{Haldane:1932,
  author    = {Haldane, J B S}, 
  title     = {The causes of evolution},
  publisher = {Longmans, Green and Co.},
  address   = {London; New York; Toronto},
  year      = 1932,
  isbn      = {0691024421}
}

@article{Wright:1931,
  author  = {Sewall Wright}, 
  title   = {Evolution in Mendelian populations},
  journal = {Genetics},
  year    = 1931,
  pages   = {97--159},
  volume  = 16
}

@article{Wright:1943,
  author  = {Sewall Wright}, 
  title   = {Isolation by distance},
  journal = {Genetics},
  year    = 1943,
  pages   = {114--138},
  volume  = 28
}

@article{Schwartz:2007,
author = {Schwartz, Michael K and Luikart, Gordon and Waples, Robin S},
title = {{Genetic monitoring as a promising tool for conservation and management}},
journal = {Trends in Ecology {\&} Evolution},
year = {2007},
volume = {22},
number = {1},
pages = {25--33},
month = jan
}

@article{Dudgeon:2012,
author = {Dudgeon, C L and Blower, D C and Broderick, D and Giles, J L and Holmes, B J and Kashiwagi, T and Kr{\"u}ck, N C and Morgan, J A T and Tillett, B J and Ovenden, J R},
title = {{A review of the application of molecular genetics for fisheries management and conservation of sharks and rays}},
journal = {Journal of Fish Biology},
year = {2012},
volume = {80},
number = {5},
pages = {1789--1843},
month = apr
}

@article{Serbezov:2012,
author = {Serbezov, D and Jorde, P E and Bernatchez, L and Olsen, E M and Vollestad, L A},
title = {{Short-term genetic changes: Evaluating effective population size estimates in a comprehensively described brown trout (Salmo trutta) population}},
journal = {Genetics},
year = {2012},
volume = {191},
pages = {579--592},
month = mar
}

@article{Theunert:2012,
author = {Theunert, C and Tang, K and Lachmann, M and Hu, S and Stoneking, M},
title = {{Inferring the history of population size change from genome-wide SNP data}},
journal = {Molecular Biology and Evolution},
year = {2012},
volume = {29},
pages = {3653--3667},
month = jul
}

@article{Wang:2005,
author = {Wang, J},
title = {{Estimation of effective population sizes from data on genetic markers}},
journal = {Philosophical Transactions of the Royal Society B: Biological Sciences},
year = {2005},
volume = {360},
number = {1459},
pages = {1395--1409},
month = jul
}

@article{Palstra:2012,
author = {Palstra, Friso P and Fraser, Dylan J},
title = {{Effective/census population size ratio estimation: a compendium and appraisal}},
journal = {Ecology and Evolution},
year = {2012},
volume = {2},
number = {9},
pages = {2357--2365},
month = jul
}

@article{Caballero:1994,
author = {Caballero, Armando},
title = {{Developments in the prediction of effective population size}},
journal = {Heredity},
year = {1994},
volume = {73},
pages = {657--679},
month = mar
}

@article{Nei:1981,
author = {Nei, Masatoshi and Tajima, Fumio},
title = {{Genetic drift and estimation of effective population size}},
journal = {Genetics},
year = {1981},
volume = {98},
pages = {625--640},
month = jul
}

@article{Pollak:1983,
author = {Pollak, Edward},
title = {{A new method for estimating the effective population size from allele frequency changes}},
journal = {Genetics},
year = {1983},
volume = {104},
pages = {531--548},
month = jul
}

@article{Beaumont:2003,
author = {Beaumont, Mark A},
title = {{Estimation of population growth or decline in genetically monitored populations}},
journal = {Genetics},
year = {2003},
volume = {164},
pages = {1139--1160},
month = jul
}

@article{Wang:2003,
author = {Wang, Jinliang and Whitlock, Michael C},
title = {{Estimating effective population size and migration rates from genetic samples over space and time}},
journal = {Genetics},
year = {2003},
volume = {163},
pages = {429--446},
month = jan
}

@article{Anderson:2005,
author = {Anderson, E C},
title = {{An efficient Monte Carlo method for estimating \emph{N}e from temporally spaced samples using a coalescent-based likelihood}},
journal = {Genetics},
year = {2005},
volume = {170},
number = {2},
pages = {955--967},
month = apr
}

@article{Jorde:2007,
author = {Jorde, P E and Ryman, N},
title = {{Unbiased estimator for genetic drift and effective population size}},
journal = {Genetics},
year = {2007},
volume = {177},
number = {2},
pages = {927--935},
month = aug
}


@article{Hill:1981,
author = {Hill, William G},
title = {{Estimation of effective population size from data on linkage disequilibrium}},
journal = {Genetical Research},
year = {1981},
volume = {38},
pages = {209--216},
month = jan
}

@article{Pudovkin:1996,
author = {Pudovkin, A I and Zaykin, D V and Hedgecock, Dennis},
title = {{On the potential for estimating the effective number of breeders from heterozygote-excess in progeny}},
journal = {Genetics},
year = {1996},
volume = {144},
pages = {383--387},
month = apr
}

@article{Vitalis:2001a,
author = {Vitalis, Renaud and Couvet, Denis},
title = {{Estimation of effective population size and migration rate from one- and two-locus identity measures}},
journal = {Genetics},
year = {2001},
volume = {157},
pages = {911--925},
month = jan
}

@article{Nomura:2008,
author = {Nomura, Tetsuro},
title = {{Estimation of effective number of breeders from molecular coancestry of single cohort sample}},
journal = {Evolutionary Applications},
year = {2008},
volume = {1},
number = {3},
pages = {462--474},
month = aug
}

@article{Waples:2008,
author = {Waples, Robin S and Do, Chi},
title = {{LDNE: a program for estimating effective population size from data on linkage disequilibrium}},
journal = {Molecular Ecology Resources},
year = {2008},
volume = {8},
number = {4},
pages = {753--756},
month = dec
}

@article{Wang:2009,
author = {Wang, Jinliang},
title = {{A new method for estimating effective population sizes from a single sample of multilocus genotypes}},
journal = {Molecular Ecology},
year = {2009},
volume = {18},
number = {10},
pages = {2148--2164},
month = may
}

@article{Tallmon:2008,
author = {Tallmon, David A and Koyuk, Ally and Luikart, Gordon and Beaumont, Mark A},
title = {{ONeSAMP: a program to estimate effective population size using approximate Bayesian computation}},
journal = {Molecular Ecology Resources},
year = {2008},
volume = {8},
number = {2},
pages = {299--301},
month = jun
}

@article{Vitalis:2001b,
author = {Vitalis, Renaud and Couvet, Denis},
title = {{Two-locus identity probabilities and identity disequilibrium in a partially selfing subdivided population}},
journal = {Genetical Research},
year = {2001},
volume = {77},
pages = {67--81},
month = oct
}

@article{Vitalis:2001c,
author = {Vitalis, R and Couvet, D},
title = {{ESTIM 1.0: a computer program to infer population parameters from one- and two-locus gene identity probabilities}},
journal = {Molecular Ecology Notes},
year = {2001},
volume = {1},
pages = {354--356},
month = nov
}

@article{Do:2014,
author = {Do, C and Waples, R S and Peel, D and Macbeth, G M and Tillett, B J and Ovenden, J R},
title = {{NeEstimatorv2: re-implementation of software for the estimation of contemporary effective population size (Ne) from genetic data}},
journal = {Molecular Ecology Resources},
year = {2014},
volume = {14},
number = {1},
pages = {209--214},
month = aug
}

@article{Barker:2011,
author = {Barker, J S F},
title = {{Effective population size of natural populations of Drosophila buzzatii, with a comparative evaluation of nine methods of estimation}},
journal = {Molecular Ecology},
year = {2011},
volume = {20},
number = {21},
pages = {4452--4471},
month = sep
}

@article{Holleley:2013,
author = {Holleley, Clare E and Nichols, Richard A and Whitehead, Michael R and Adamack, Aaron T and Gunn, Melissa R and Sherwin, William B},
title = {{Testing single-sample estimators of effective population size in genetically structured populations}},
journal = {Conservation Genetics},
year = {2013},
volume = {15},
number = {1},
pages = {23--35},
month = aug
}

@article{Macbeth:2013,
author = {Macbeth, Gilbert Michael and Broderick, Damien and Buckworth, Rik C and Ovenden, J R},
title = {{Linkage disequilibrium estimation of effective population size with immigrants from divergent populations: A case study on Spanish mackerel (Scomberomorus commerson)}},
journal = {Genes Genomes Genetics},
year = {2013},
volume = {3},
pages = {709--717},
month = mar
}

@article{Baalsrud:2014,
author = {Baalsrud, Helle Tessand and Saether, Bernt-Erik and Hagen, Ingerid Julie and Myhre, Ane Marlene and Ringsby, Thor Harald and P{\"A}RN, HENRIK and JENSEN, HENRIK},
title = {{Effects of population characteristics and structure on estimates of effective population size in a house sparrow metapopulation}},
journal = {Molecular Ecology},
year = {2014},
volume = {23},
number = {11},
pages = {2653--2668},
month = may
}


@article{Waples:2011,
author = {Waples, R S and England, P R},
title = {{Estimating contemporary effective population size on the basis of linkage disequilibrium in the face of migration}},
journal = {Genetics},
year = {2011},
volume = {189},
number = {2},
pages = {633--644},
month = oct
}

@article{Neel:2013,
author = {Neel, M C and McKelvey, K and Ryman, N and Lloyd, M W and Bull, R Short and Allendorf, F W and Schwartz, M K and Waples, R S},
title = {{Estimation of effective population size in continuously distributed populations: there goes the neighborhood}},
journal = {Heredity},
year = {2013},
pages = {1--11},
volume = {111},
month = may
}

@article{Ryman:2013,
author = {Ryman, Nils and Allendorf, Fred W and Jorde, Per Erik and Laikre, Linda and H{\"o}ssjer, Ola},
title = {{Samples from subdivided populations yield biased estimates of effective size that overestimate the rate of loss of genetic variation}},
journal = {Molecular Ecology Resources},
year = {2013},
pages = {1--48},
volume = {14},
month = jul
}

@article{Beerli:2001,
author = {Beerli, P and Felsenstein, J},
title = {{Maximum likelihood estimation of a migration matrix and effective population sizes in n subpopulations by using a coalescent approach}},
journal = {Proceedings of the National Academy of Sciences},
year = {2001},
pages = {4563--4568},
volume = {98}
}

@article{Hey:2004,
author = {Hey, J and Nielsen, R},
title = {{Multilocus methods for estimating population sizes, migration rates and divergence time, with applications to the divergence of Drosophila pseudoobscura and D. persimilis}},
journal = {Genetics},
year = {2004},
pages = {747--760},
volume = {167}
}

@article{Kuhner:2006,
author = {Kuhner, M K},
title = {{LAMARC 2.0: maximum likelihood and Bayesian estimation of population parameters}},
journal = {Bioinformatics},
year = {2006},
pages = {768--770},
volume = {22}
}

@article{Guillaume:2006,
author = {Guillaume, F and Rougemont, J},
title = {{Nemo: an evolutionary and population genetics programming framework}},
journal = {Bioinformatics},
year = {2006},
pages = {2556--2557},
volume = {22}
}

@article{Hill:1979,
author = {Hill, William G},
title = {{A note on effective population size with overlapping generations}},
journal = {Genetics},
year = {1979},
volume = {92},
pages = {317--322},
month = may
}

@article{Waples:2009,
author = {Waples, Robin S and Faulkner, J S},
title = {{Modelling evolutionary processes in small populations: not as ideal as you think}},
journal = {Molecular Ecology},
year = {2009},
volume = {18},
pages = {1834--1847}
}

@article{Whitlock:1992,
author = {Whitlock, M C},
title = {{Temporal fluctuations in demographic parameters and the genetic variance among populations}},
journal = {Evolution},
year = {1992},
volume = {46},
pages = {608--615}
}

@article{Berthier:2002,
author = {Berthier, Pierre and Beaumont, Mark A and Cornuet, Jean-Marie and Luikart, Gordon},
title = {{Likelihood-based estimation of the effective population size using temporal changes in allele frequencies: A genealogical approach}},
journal = {Genetics},
year = {2002},
volume = {160},
pages = {741--751},
month = feb
}

@article{Hill:1968,
author = {Hill, W G and Robertson, A},
title = {{The effects of inbreeding at loci with heterozygote advantage}},
journal = {Genetics},
year = {1968},
volume = {60},
pages = {615--628}
}

@article{Beaumont:2009,
author = {Beaumont, Mark A and Cornuet, Jean-Marie and Marin J M and Robert, C P},
title = {{Adaptive approximate Bayesian computation}},
journal = {Biometrika},
year = {2009},
volume = {96},
pages = {983--990}
}

@article{Shaffer:1981,
author = {Shaffer, M L},
title = {{Minimum population sizes for species conservation}},
journal = {BioScience},
year = {1981},
volume = {31},
pages = {131--134}
}

@article{Rieman:2001,
author = {Rieman, B E},
title = {{Effective population size and genetic conservation criteria for Bull trout}},
journal = {North American Journal of Fish Management},
year = {2001},
volume = {21},
pages = {756--764}
}

@article{Tallmon:2004,
author = {Tallmon, David A and Luikart, Gordon and Beaumont, Mark A},
title = {{Comparative Evaluation of a New Effective Population Size Estimator Based on Approximate Bayesian Computation}},
journal = {Genetics},
year = {2004},
volume = {167},
number = {2},
pages = {977--988},
month = jun
}










